@article{ChanVese,
  author   = {Chan, T.F. and Vese, L.A.},
  journal  = {IEEE Transactions on Image Processing},
  title    = {Active contours without edges},
  year     = {2001},
  volume   = {10},
  number   = {2},
  pages    = {266-277},
  keywords = {Active contours;Level set;Object detection;Image segmentation;Finite difference methods;Image edge detection;Partial differential equations;Helium;Two-term control;Mathematics},
  doi      = {10.1109/83.902291}
}

@article{MumfordShah,
  author  = {Mumford, David and Shah, Jayant},
  year    = {1985},
  month   = {01},
  pages   = {22-26},
  title   = {Boundary detection by minimizing functionals},
  volume  = {17},
  journal = {IEEE CVPR}
}

@misc{ams,
  title        = {{Mathematics into Type}},
  organization = {American Mathematical Society},
  note         = {Online available}
}

@book{oxford,
  author    = {T.W. Chaundy and P.R. Barrett and C. Batey},
  title     = {{The Printing of Mathematics}},
  publisher = {Oxford University Press},
  address   = {London},
  year      = {1954}
}

@article{Caselles,
  author  = {V. Caselles and R. Kimmel and G. Sapiro},
  title   = {On geodesic active contours},
  journal = {International Journal of Computer Vision},
  volume  = {22},
  pages   = {61--79},
  year    = {1997},
  doi     = {10.1023/A:1007979827043}
}

@article{Adalsteinsson,
  author  = {D. Adalsteinsson and J. A. Sethian},
  title   = {A Fast Level Set Method for Propagating Interfaces},
  journal = {Journal of Computational Physics},
  volume  = {118},
  number  = {2},
  pages   = {269--277},
  year    = {1995},
  doi     = {10.1006/jcph.1995.1098}
}

@inproceedings{Kichenassamy,
  author    = {S. Kichenassamy and A. Kumar and P. Olver and A. Tannenbaum and A. Yezzi},
  title     = {Gradient flows and geometric active contour models},
  booktitle = {Proceedings of IEEE International Conference on Computer Vision},
  pages     = {810--815},
  year      = {1995},
  doi       = {10.1109/ICCV.1995.466855}
}

@inproceedings{Malladi1993,
  author    = {R. Malladi and J. A. Sethian and B. C. Vemuri},
  title     = {A topology independent shape modeling scheme},
  booktitle = {Proc. SPIE Conf. Geometric Methods Computer Vision II},
  volume    = {2031},
  address   = {San Diego, CA},
  pages     = {246--258},
  year      = {1993}
}

@article{Kass1988,
  author  = {M. Kass and A. Witkin and D. Terzopoulos},
  title   = {Snakes: Active contour models},
  journal = {International Journal of Computer Vision},
  volume  = {1},
  pages   = {321--331},
  year    = {1988}
}

@article{Osher1988,
  author  = {S. Osher and J. A. Sethian},
  title   = {Fronts propagating with curvature-dependent speed: Algorithms based on Hamilton-Jacobi formulations},
  journal = {Journal of Computational Physics},
  volume  = {79},
  number  = {1},
  pages   = {12--49},
  year    = {1988},
  doi     = {10.1016/0021-9991(88)90002-2}
}

@article{Zhao1996,
  author  = {H.-K. Zhao and T. Chan and B. Merriman and S. Osher},
  title   = {A variational level set approach to multiphase motion},
  journal = {Journal of Computational Physics},
  volume  = {127},
  pages   = {179--195},
  year    = {1996}
}

@article{Chan2000,
  author  = {T. F. Chan and B. Sandberg and L. A. Vese},
  title   = {Active Contours Without Edges for Vector-Valued Images},
  journal = {Journal of Visual Communication and Image Representation},
  volume  = {11},
  pages   = {130--141},
  year    = {2000},
  note    = {Available: \url{http://dx.doi.org/10.1006/jvci.1999.0442}}
}

@incollection{Rousson2002,
  author    = {M. Rousson and N. Paragios},
  title     = {Shape Priors for Level Set Representations},
  booktitle = {Computer Vision --- ECCV 2002},
  editor    = {A. Heyden and G. Sparr and M. Nielsen and P. Johansen},
  pages     = {78--92},
  address   = {Berlin, Heidelberg},
  publisher = {Springer Berlin Heidelberg},
  year      = {2002}
}

@incollection{Brox2004,
  author    = {T. Brox and J. Weickert},
  title     = {Level Set Based Image Segmentation with Multiple Regions},
  booktitle = {Pattern Recognition},
  editor    = {C. E. Rasmussen and H. H. B{\"u}lthoff and B. Sch{\"o}lkopf and M. A. Giese},
  pages     = {415--423},
  address   = {Berlin, Heidelberg},
  publisher = {Springer Berlin Heidelberg},
  year      = {2004},
  doi       = {10.1007/978-3-540-28649-3_51}
}

@article{Cremers2006,
  author  = {D. Cremers},
  title   = {Dynamical statistical shape priors for level set-based tracking},
  journal = {IEEE Transactions on Pattern Analysis and Machine Intelligence},
  volume  = {28},
  number  = {8},
  pages   = {1262--1273},
  year    = {2006},
  doi     = {10.1109/TPAMI.2006.161}
}

@article{getreuer,
  author  = {P. Getreuer},
  title   = {Chan-Vese Segmentation},
  journal = {Image Processing On Line},
  volume  = {2},
  pages   = {214--224},
  year    = {2012},
  note    = {Available: \url{https://doi.org/10.5201/ipol.2012.g-cv}}
}

@phdthesis{yo,
  author = {C. Martínez},
  title  = {Aplicación de la visión por computadora en el análisis de microestructuras y la obtención de relaciones estructura - propiedad},
  school = {Universidad de los Andes},
  year   = {2021},
  note   = {Retrieved from \url{http://hdl.handle.net/1992/51616} ([Online; accessed 25.06.2024])}
}

@misc{Pascal2023,
  author = {P. Pascal},
  title  = {Differential equations in computer vision, Lecture 25: Self-snakes and Active Contours},
  year   = {2023},
  note   = {Universität des Saarlandes}
}

@online{wiki:LipschitzContinuity,
  author = {Wikipedia contributors},
  title  = {Lipschitz continuity --- {W}ikipedia{,} The Free Encyclopedia},
  year   = {2024},
  note   = {Retrieved from \url{https://en.wikipedia.org/wiki/Lipschitz_continuity} ([Online; accessed 23.06.2024])}
}

@online{wiki:heaviside,
  author = {Wikipedia contributors},
  title  = {Heaviside step function --- {W}ikipedia{,} The Free Encyclopedia},
  year   = {2024},
  note   = {Retrieved from \url{https://en.wikipedia.org/wiki/Heaviside_step_function} ([Online; accessed 23.06.2024])}
}

@online{wiki:dirac,
  author = {Wikipedia contributors},
  title  = {Dirac delta function --- {W}ikipedia{,} The Free Encyclopedia},
  year   = {2024},
  note   = {Retrieved from \url{https://en.wikipedia.org/wiki/Dirac_delta_function} ([Online; accessed 23.06.2024])}
}

@online{viso.ai,
  author = {Viso.ai},
  title  = {Image Segmentation with Deep Learning (Guide)},
  note   = {Retrieved from \url{https://viso.ai/deep-learning/image-segmentation-using-deep-learning/} ([Online; accessed 25.06.2024])}
}

@online{brats,
  author = {N. Alarcon},
  title  = {Automatically Segmenting Brain Tumors with AI},
  note   = {NVIDIA Developer Blog. Retrieved from \url{https://developer.nvidia.com/blog/automatically-segmenting-brain-tumors-with-ai/} ([Online; accessed 25.06.2024])}
}

@online{imagej,
  author = {J. Eglinger},
  title  = {Texture Segmentation},
  note   = {image.sc Forum. Retrieved from \url{https://forum.image.sc/t/texture-segmentation/69785} ([Online; accessed 25.06.2024])}
}

@phdthesis{Rousson2004,
  author       = {M. Rousson},
  title        = {Cues Integrations and Front Evolutions in Image Segmentation},
  year         = {2004},
  school       = {Université de Nice-Sophia Antipolis},
  address      = {Nice, France},
  note         = {PhD thesis}
}

@book{lacomp,
  author = {F. Mittelbach and M. Goossens},
  title  = {{The \LaTeX\ Companion}}
}

@book{mmt,
  author = {G. Gr\"atzer},
  title  = {{More Math into \LaTeX}}
}

@misc{amstyle,
  title        = {{AMS-StyleGuide-online.pdf}},
  organization = {American Mathematical Society}
}

@article{Sira3,
  author  = {H. Sira-Ramirez},
  title   = {On the sliding mode control of nonlinear systems},
  journal = {Systems \& Control Letters},
  volume  = {19},
  pages   = {303--312},
  year    = {1992}
}

@inproceedings{Levant,
  author    = {A. Levant},
  title     = {Exact differentiation of signals with unbounded higher derivatives},
  booktitle = {Proceedings of the 45th IEEE Conference on Decision and Control},
  address   = {San Diego, California, USA},
  pages     = {5585--5590},
  year      = {2006}
}

@article{Cedric,
  author  = {M. Fliess and C. Join and H. Sira-Ramirez},
  title   = {Non-linear estimation is easy},
  journal = {International Journal of Modelling, Identification and Control},
  volume  = {4},
  number  = {1},
  pages   = {12--27},
  year    = {2008}
}

@inproceedings{Ortega,
  author    = {R. Ortega and A. Astolfi and G. Bastin and H. Rodriguez},
  title     = {Stabilization of food-chain systems using a port-controlled Hamiltonian description},
  booktitle = {Proceedings of the American Control Conference},
  address   = {Chicago, Illinois, USA},
  pages     = {2245--2249},
  year      = {2000}
}
