@ARTICLE{ChanVese,
  author={Chan, T.F. and Vese, L.A.},
  journal={IEEE Transactions on Image Processing}, 
  title={Active contours without edges}, 
  year={2001},
  volume={10},
  number={2},
  pages={266-277},
  keywords={Active contours;Level set;Object detection;Image segmentation;Finite difference methods;Image edge detection;Partial differential equations;Helium;Two-term control;Mathematics},
  doi={10.1109/83.902291}
}

@article{MumfordShah,
author = {Mumford, David and Shah, Jayant},
year = {1985},
month = {01},
pages = {22-26},
title = {Boundary detection by minimizing functionals},
volume = {17},
journal = {IEEE CVPR}
}